<?xml version="1.0" encoding="UTF-8"?><record xmlns="http://www.loc.gov/MARC21/slim" xmlns:cinclude="http://apache.org/cocoon/include/1.0" xmlns:zs="http://www.loc.gov/zing/srw/">
  <leader>00457cz  a2200145n  4500</leader>
  <controlfield tag="001">n  91027818 </controlfield>
  <controlfield tag="003">DLC</controlfield>
  <controlfield tag="005">19910326120955.0</controlfield>
  <controlfield tag="008">910320n| acannaab|          |a aaa |||  </controlfield>
  <datafield tag="010" ind1=" " ind2=" ">
    <subfield code="a">n  91027818 </subfield>
  </datafield>
  <datafield tag="040" ind1=" " ind2=" ">
    <subfield code="a">DLC</subfield>
    <subfield code="c">DLC</subfield>
    <subfield code="d">DLC</subfield>
    <subfield code="d">DLC</subfield>
  </datafield>
  <datafield tag="100" ind1="1" ind2="0">
    <subfield code="a">Hutnik, N.</subfield>
    <subfield code="q">(Nimmi)</subfield>
  </datafield>
  <datafield tag="400" ind1="1" ind2="0">
    <subfield code="a">Hutnik, Nimmi</subfield>
  </datafield>
  <datafield tag="400" ind1="0" ind2="0">
    <subfield code="a">Nimmi Hutnik</subfield>
  </datafield>
  <datafield tag="670" ind1=" " ind2=" ">
    <subfield code="a">Her Ethnic minority identity, 1991:</subfield>
    <subfield code="b">CIP t.p. (N. Hutnik; lecturer, Lady Shri Ram College, Univ. of New Delhi) galley (Nimmi Hutnik)</subfield>
  </datafield>
</record>